@book{hunt1976algorithm,
  title={An algorithm for differential file comparison},
  author={Hunt, James Wayne and MacIlroy, MD},
  year={1976},
  publisher={Citeseer}
}

@article{tridgell1996rsync,
  title={The rsync algorithm},
  author={Tridgell, Andrew and Mackerras, Paul and others},
  year={1996},
  publisher={The Australian National University}
}

@MISC{multiroundrsync,
    author = {John Langford},
    title = {Multiround Rsync},
    year = {2001}
}

@inproceedings{rasch2003place,
  title={In-Place Rsync: File Synchronization for Mobile and Wireless Devices.},
  author={Rasch, David and Burns, Randal C},
  booktitle={USENIX Annual Technical Conference, FREENIX Track},
  volume={100},
  year={2003}
}

@inproceedings{muthitacharoen2001low,
  title={A low-bandwidth network file system},
  author={Muthitacharoen, Athicha and Chen, Benjie and Mazieres, David},
  booktitle={ACM SIGOPS Operating Systems Review},
  volume={35},
  number={5},
  pages={174--187},
  year={2001},
  organization={ACM}
}

@inproceedings{stephen2000platypus,
  title={Platypus: Design and Implementation of a Flexible High Performance Object Store.},
  author={Stephen, Zhen He and Blackburn, Stephen M and Kirby, Luke and Zigman, John},
  booktitle={In Proceedings of the Ninth International Workshop on Persistent Object Systems},
  year={2000},
  organization={Citeseer}
}


@article{burns2003place,
  title={In-place reconstruction of version differences},
  author={Burns, Randal and Stockmeyer, Larry and Long, Darrell DE},
  journal={IEEE Transactions on Knowledge and Data Engineering},
  volume={15},
  number={4},
  pages={973--984},
  year={2003},
  publisher={IEEE}
}

@INPROCEEDINGS{hdfsAnalysis,
author={K. Shvachko and H. Kuang and S. Radia and R. Chansler},
booktitle={2010 IEEE 26th Symposium on Mass Storage Systems and Technologies (MSST)},
title={The Hadoop Distributed File System},
year={2010},
pages={1-10},
keywords={Internet;distributed databases;network operating systems;Hadoop distributed file system;Yahoo!;data storage;data stream;enterprise data;Bandwidth;Clustering algorithms;Computer architecture;Concurrent computing;Distributed computing;Facebook;File servers;File systems;Protection;Protocols;HDFS;Hadoop;distributed file system},
doi={10.1109/MSST.2010.5496972},
ISSN={2160-195X},
month={May},}

@article{mckusick2010gfs,
  title={GFS: evolution on fast-forward},
  author={McKusick, Kirk and Quinlan, Sean},
  journal={Communications of the ACM},
  volume={53},
  number={3},
  pages={42--49},
  year={2010},
  publisher={ACM}
}

@article{TheGFS,
 author = {Ghemawat, Sanjay and Gobioff, Howard and Leung, Shun-Tak},
 title = {The Google File System},
 journal = {SIGOPS Oper. Syst. Rev.},
 issue_date = {December 2003},
 volume = {37},
 number = {5},
 month = oct,
 year = {2003},
 issn = {0163-5980},
 pages = {29--43},
 numpages = {15},
 url = {http://doi.acm.org/10.1145/1165389.945450},
 doi = {10.1145/1165389.945450},
 acmid = {945450},
 publisher = {ACM},
 address = {New York, NY, USA},
 keywords = {clustered storage, data storage, fault tolerance, scalability},
}

@inproceedings{gpfs,
  title={GPFS: A Shared-Disk File System for Large Computing Clusters.},
  author={Schmuck, Frank B and Haskin, Roger L},
  booktitle={FAST},
  volume={2},
  pages={231--244},
  year={2002}
}
