@book{hunt1976algorithm,
  title={An algorithm for differential file comparison},
  author={Hunt, James Wayne and MacIlroy, MD},
  year={1976},
  publisher={Citeseer}
}

@article{tridgell1996rsync,
  title={The rsync algorithm},
  author={Tridgell, Andrew and Mackerras, Paul and others},
  year={1996},
  publisher={The Australian National University}
}

@MISC{multiroundrsync,
    author = {John Langford},
    title = {Multiround Rsync},
    year = {2001}
}

@inproceedings{rasch2003place,
  title={In-Place Rsync: File Synchronization for Mobile and Wireless Devices.},
  author={Rasch, David and Burns, Randal C},
  booktitle={USENIX Annual Technical Conference, FREENIX Track},
  volume={100},
  year={2003}
}

@inproceedings{muthitacharoen2001low,
  title={A low-bandwidth network file system},
  author={Muthitacharoen, Athicha and Chen, Benjie and Mazieres, David},
  booktitle={ACM SIGOPS Operating Systems Review},
  volume={35},
  pages={174--187},
  year={2001},
  organization={ACM}
}

@inproceedings{stephen2000platypus,
  title={Platypus: Design and Implementation of a Flexible High Performance Object Store.},
  author={Stephen, Zhen He and Blackburn, Stephen M and Kirby, Luke and Zigman, John},
  booktitle={In Proceedings of the Ninth International Workshop on Persistent Object Systems},
  year={2000},
  organization={Citeseer}
}


@article{burns2003place,
  title={In-place reconstruction of version differences},
  author={Burns, Randal and Stockmeyer, Larry and Long, Darrell DE},
  journal={IEEE Transactions on Knowledge and Data Engineering},
  volume={15},
  number={4},
  pages={973--984},
  year={2003},
  publisher={IEEE}
}

@INPROCEEDINGS{hdfsAnalysis,
author={K. Shvachko and H. Kuang and S. Radia and R. Chansler},
booktitle={2010 IEEE 26th Symposium on Mass Storage Systems and Technologies (MSST)},
title={The Hadoop Distributed File System},
year={2010},
pages={1-10},
keywords={Internet;distributed databases;network operating systems;Hadoop distributed file system;Yahoo!;data storage;data stream;enterprise data;Bandwidth;Clustering algorithms;Computer architecture;Concurrent computing;Distributed computing;Facebook;File servers;File systems;Protection;Protocols;HDFS;Hadoop;distributed file system},
doi={10.1109/MSST.2010.5496972},
ISSN={2160-195X},
month={May},}

@article{mckusick2010gfs,
  title={GFS: evolution on fast-forward},
  author={McKusick, Kirk and Quinlan, Sean},
  journal={Communications of the ACM},
  volume={53},
  number={3},
  pages={42--49},
  year={2010},
  publisher={ACM}
}

@article{TheGFS,
 author = {Ghemawat, Sanjay and Gobioff, Howard and Leung, Shun-Tak},
 title = {The Google File System},
 journal = {SIGOPS Oper. Syst. Rev.},
 issue_date = {December 2003},
 volume = {37},
 number = {5},
 month = oct,
 year = {2003},
 issn = {0163-5980},
 pages = {29--43},
 numpages = {15},
 url = {http://doi.acm.org/10.1145/1165389.945450},
 doi = {10.1145/1165389.945450},
 acmid = {945450},
 publisher = {ACM},
 address = {New York, NY, USA},
 keywords = {clustered storage, data storage, fault tolerance, scalability},
}

@inproceedings{gpfs,
  title={GPFS: A Shared-Disk File System for Large Computing Clusters.},
  author={Schmuck, Frank B and Haskin, Roger L},
  booktitle={FAST},
  volume={2},
  pages={231--244},
  year={2002}
}

@article{farina2014bittorrent,
  title={BitTorrent Sync: First Impressions and Digital Forensic Implications},
  author={Farina, Jason and Scanlon, Mark and Kechadi, M-Tahar},
  journal={Digital Investigation},
  volume={11},
  pages={S77--S86},
  year={2014},
  publisher={Elsevier}
}

@inproceedings{qiu2004modeling,
  title={Modeling and performance analysis of BitTorrent-like peer-to-peer networks},
  author={Qiu, Dongyu and Srikant, Rayadurgam},
  booktitle={ACM SIGCOMM computer communication review},
  volume={34},
  pages={367--378},
  year={2004},
  organization={ACM}
}

@misc{cohen2008bittorrent,
  title={The BitTorrent protocol specification},
  author={Cohen, Bram},
  year={2008},
  publisher={BITTORRENT}
}

@MISC{Wilkinson14storja,
    author = {Shawn Wilkinson and Tome Boshevski and Josh Brandoff and Vitalik Buterin},
    title = {Storj A Peer-to-Peer Cloud Storage Network},
    year = {2014}
}

@inproceedings{saxena2003admission,
  title={Admission control in peer-to-peer: design and performance evaluation},
  author={Saxena, Nitesh and Tsudik, Gene and Yi, Jeong Hyun},
  booktitle={Proceedings of the 1st ACM workshop on Security of ad hoc and sensor networks},
  pages={104--113},
  year={2003},
  organization={ACM}
}

@article{klingberg2002gnutella,
  title={The gnutella protocol specification v0. 6},
  author={Klingberg, Tor and Manfredi, Raphael},
  journal={Technical specification of the Protocol},
  year={2002}
}

@article{bound1997dynamic,
  title={Dynamic updates in the domain name system (DNS UPDATE)},
  author={Bound, Jim and Rekhter, Yakov},
  year={1997}
}

@article{torvalds2010git,
  title={Git: Fast version control system},
  author={Torvalds, Linus and Hamano, Junio},
  journal={URL http://git-scm. com},
  year={2010}
}

@article{w32001datastore,
  title={Datastore Schema},
  author={purl.org},
  journal={URL https://www.w3.org/2001/05/rdf-ds/datastore-schema},
  year={2001}
}

@article{filecoin2014filecoin,
  title={Filecoin: A Cryptocurrency Operated File Storage Network},
  author={filecoin.io},
  journal={URL http://filecoin.io/filecoin.pdf},
  year={2014}
}

@article{fish2007bruce,
  title={Bruce Almighty: Schneier preaches security to Linux faithful},
  author={Schneier, Bruce},
  journal={URL https://www.computerworld.com.au/article/46254/bruce\_almighty\_schneier\_preaches\_security\_linux\_faithful/?pp=3},
  year={2007}
}

@article{pande2012slaont,
  title={Ontology for Cloud Services SLA (Service Level Agreement)},
  author={Pande Joshi, Karuna and Finin, Tim},
  journal={URL http://ebiquity.umbc.edu/resource/html/id/344/Ontology-for-Cloud-Services-SLA-Service-Level-Agreement-},
  year={2012}
}

@article{vuze2010vuze,
  title={Peer Exchange},
  author={Vuze},
  journal={URL http://wiki.vuze.com/w/Peer\_Exchange},
  year={2010}
}

@article{jones2015mainlinedht,
  title={BitTorrent’s DHT Turns 10 Years Old},
  author={Jones, Ben},
  journal={URL https://torrentfreak.com/bittorrents-dht-turns-10-years-old-150607/},
  year={2015}
}

@inproceedings{wang2013measuring,
  title={Measuring large-scale distributed systems: case of bittorrent mainline dht},
  author={Wang, Liang and Kangasharju, Jussi},
  booktitle={IEEE P2P 2013 Proceedings},
  pages={1--10},
  year={2013},
  organization={IEEE}
}

@inproceedings{neglia2007availability,
  title={Availability in bittorrent systems},
  author={Neglia, Giovanni and Reina, Giuseppe and Zhang, Honggang and Towsley, Don and Venkataramani, Arun and Danaher, John},
  booktitle={IEEE INFOCOM 2007-26th IEEE International Conference on Computer Communications},
  pages={2216--2224},
  year={2007},
  organization={IEEE}
}

@article{plummer1982ethernet,
  title={Ethernet Address Resolution Protocol: Or converting network protocol addresses to 48. bit Ethernet address for transmission on Ethernet hardware},
  author={Plummer, David},
  year={1982}
}

@article{porter2012small,
  title={Small-world network},
  author={Porter, Mason A},
  journal={Scholarpedia},
  volume={7},
  number={2},
  pages={1739},
  year={2012}
}

@article{Tseng:2002:BSP:506900.506905,
 author = {Tseng, Yu-Chee and Ni, Sze-Yao and Chen, Yuh-Shyan and Sheu, Jang-Ping},
 title = {The Broadcast Storm Problem in a Mobile Ad Hoc Network},
 journal = {Wirel. Netw.},
 issue_date = {March-May 2002},
 volume = {8},
 number = {2/3},
 month = mar,
 year = {2002},
 issn = {1022-0038},
 pages = {153--167},
 numpages = {15},
 url = {http://dx.doi.org/10.1023/A:1013763825347},
 doi = {10.1023/A:1013763825347},
 acmid = {506905},
 publisher = {Springer-Verlag New York, Inc.},
 address = {Secaucus, NJ, USA},
 keywords = {broadcast, communication, mobile ad hoc network (MANET), mobile computing, wireless network},
}

@article{deering1998internet,
  title={Internet protocol, version 6 (IPv6) specification},
  author={Deering, Stephen E},
  year={1998}
}

@inproceedings{sharma2004viking,
  title={Viking: A multi-spanning-tree Ethernet architecture for metropolitan area and cluster networks},
  author={Sharma, Srikant and Gopalan, Kartik and Nanda, Susanta and Chiueh, Tzi-cker},
  booktitle={INFOCOM 2004. Twenty-third AnnualJoint Conference of the IEEE Computer and Communications Societies},
  volume={4},
  pages={2283--2294},
  year={2004},
  organization={IEEE}
}

@article{ieee802ieee,
  title={IEEE standard for local and metropolitan area networks: media access control (MAC) bridges},
  author={IEEE 802.1 Standard Working Group and others},
  journal={IEEE Std},
  volume={802}
}

@article{postel1981rfc,
  title={RFC 792: Internet control message protocol},
  author={Postel, Jon and others},
  journal={InterNet Network Working Group},
  year={1981}
}

@book{wooldridge2009introduction,
  title={An introduction to multiagent systems},
  author={Wooldridge, Michael},
  year={2009},
  publisher={John Wiley \& Sons}
}

@article{beer1999negotiation,
  title={Negotiation in multi-agent systems},
  author={Beer, Martin and D'inverno, Mark and Luck, Michael and Jennings, Nick and Preist, Chris and Schroeder, Michael},
  journal={The Knowledge Engineering Review},
  volume={14},
  number={03},
  pages={285--289},
  year={1999},
  publisher={Cambridge Univ Press}
}

@article{fipa2002fipa,
  title={Fipa acl message structure specification},
  author={Fipa, ACL},
  journal={Foundation for Intelligent Physical Agents, http://www. fipa. org/specs/fipa00061/SC00061G. html (30.6. 2004)},
  year={2002}
}

@article{finin1992specification,
  title={Specification of the KQML agent-communication language},
  author={Finin, Tim and Weber, Jay and others},
  year={1992}
}

@article{labrou1999agent,
  title={Agent communication languages: The current landscape},
  author={Labrou, Yannis and Finin, Tim and Peng, Yun},
  journal={IEEE Intelligent Systems and Their Applications},
  volume={14},
  number={2},
  pages={45--52},
  year={1999},
  publisher={IEEE}
}

@incollection{li2013agent,
  title={Agent communication language},
  author={Li, Shujun and Kokar, Mieczyslaw M},
  booktitle={Flexible Adaptation in Cognitive Radios},
  pages={37--44},
  year={2013},
  publisher={Springer}
}

@misc{noy2001ontology,
  title={Ontology development 101: A guide to creating your first ontology},
  author={Noy, Natalya F and McGuinness, Deborah L and others},
  year={2001},
  publisher={Stanford knowledge systems laboratory technical report KSL-01-05 and Stanford medical informatics technical report SMI-2001-0880, Stanford, CA}
}

@inproceedings{ford2005peer,
  title={Peer-to-Peer Communication Across Network Address Translators.},
  author={Ford, Bryan and Srisuresh, Pyda and Kegel, Dan},
  booktitle={USENIX Annual Technical Conference, General Track},
  pages={179--192},
  year={2005}
}

@article{mcdermott1980non,
  title={Non-monotonic logic I},
  author={McDermott, Drew and Doyle, Jon},
  journal={Artificial intelligence},
  volume={13},
  number={1-2},
  pages={41--72},
  year={1980},
  publisher={Elsevier}
}

@article{antonelli2008non,
  title={Non-monotonic logic},
  author={Antonelli, G Aldo},
  journal={Stanford Encyclopedia of Philosophy},
  year={2008}
}

@inproceedings{paletta2009mas,
  title={A MAS-based negotiation mechanism to deal with service collaboration in cloud computing},
  author={Paletta, Mauricio and Herrero, Pilar},
  booktitle={Intelligent Networking and Collaborative Systems, 2009. INCOS'09. International Conference on},
  pages={147--153},
  year={2009},
  organization={IEEE}
}

@inproceedings{herrero2007agents,
  title={An agents-based cooperative awareness model to cover load balancing delivery in grid environments},
  author={Herrero, Pilar and Bosque, Jos{\'e} Luis and P{\'e}rez, Mar{\'\i}a S},
  booktitle={OTM Confederated International Conferences" On the Move to Meaningful Internet Systems"},
  pages={64--74},
  year={2007},
  organization={Springer}
}

@book{rahwan2005interest,
  title={Interest-based negotiation in multi-agent systems},
  author={Rahwan, Iyad},
  year={2005},
  publisher={Citeseer}
}

@book{kraus2001strategic,
  title={Strategic negotiation in multiagent environments},
  author={Kraus, Sarit},
  year={2001},
  publisher={MIT press}
}

@book{rosenschein1994rules,
  title={Rules of encounter: designing conventions for automated negotiation among computers},
  author={Rosenschein, Jeffrey S and Zlotkin, Gilad},
  year={1994},
  publisher={MIT press}
}

@article{sandholm2002algorithm,
  title={Algorithm for optimal winner determination in combinatorial auctions},
  author={Sandholm, Tuomas},
  journal={Artificial intelligence},
  volume={135},
  number={1-2},
  pages={1--54},
  year={2002},
  publisher={Elsevier}
}

@phdthesis{faratin2000automated,
  title={Automated service negotiation between autonomous computational agents},
  author={Faratin, Peyman},
  year={2000},
  school={University of London}
}

@inproceedings{fatima2002multi,
  title={Multi-issue negotiation under time constraints},
  author={Fatima, Shaheen S and Wooldridge, Michael and Jennings, Nicholas R},
  booktitle={Proceedings of the first international joint conference on Autonomous agents and multiagent systems: part 1},
  pages={143--150},
  year={2002},
  organization={ACM}
}

@inproceedings{kowalczyk2000constraint,
  title={On constraint-based reasoning in e-negotiation agents},
  author={Kowalczyk, Ryszard and Bui, Van},
  booktitle={International Workshop on Agent-Mediated Electronic Commerce},
  pages={31--46},
  year={2000},
  organization={Springer}
}

@article{kraus1998reaching,
  title={Reaching agreements through argumentation: a logical model and implementation},
  author={Kraus, Sarit and Sycara, Katia and Evenchik, Amir},
  journal={Artificial Intelligence},
  volume={104},
  number={1-2},
  pages={1--69},
  year={1998},
  publisher={Elsevier}
}

@inproceedings{jennings1998argumentation,
  title={On argumentation-based negotiation},
  author={Jennings, Nicholas R and Parsons, Simon and Noriega, Pablo and Sierra, Carles},
  booktitle={Proceedings of the International Workshop on Multi-Agent Systems},
  pages={1--7},
  year={1998}
}

@article{jennings2001automated,
  title={Automated negotiation: prospects, methods and challenges},
  author={Jennings, Nicholas R and Faratin, Peyman and Lomuscio, Alessio R and Parsons, Simon and Wooldridge, Michael J and Sierra, Carles},
  journal={Group Decision and Negotiation},
  volume={10},
  number={2},
  pages={199--215},
  year={2001},
  publisher={Springer}
}

@book{osborne1994course,
  title={A course in game theory},
  author={Osborne, Martin J and Rubinstein, Ariel},
  year={1994},
  publisher={MIT press}
}

@inproceedings{varian1995economic,
  title={Economic Mechanism Design for Computerized Agents.},
  author={Varian, Hal R},
  booktitle={USENIX workshop on Electronic Commerce},
  pages={13--21},
  year={1995},
  organization={New York, NY}
}

@article{jennings2001automated,
  title={Automated negotiation: prospects, methods and challenges},
  author={Jennings, Nicholas R and Faratin, Peyman and Lomuscio, Alessio R and Parsons, Simon and Wooldridge, Michael J and Sierra, Carles},
  journal={Group Decision and Negotiation},
  volume={10},
  number={2},
  pages={199--215},
  year={2001},
  publisher={Springer}
}

@article{slade2002reasons,
  title={Reasons to buy: The logic of advertisements},
  author={Slade, Christina},
  journal={Argumentation},
  volume={16},
  number={2},
  pages={157--178},
  year={2002},
  publisher={Springer}
}

@inproceedings{keller2002defining,
  title={Defining and Monitoring Service-Level Agreements for Dynamic e-Business.},
  author={Keller, Alexander and Ludwig, Heiko},
  booktitle={Lisa},
  volume={2},
  pages={189--204},
  year={2002}
}

@article{yan2007autonomous,
  title={Autonomous service level agreement negotiation for service composition provision},
  author={Yan, Jun and Kowalczyk, Ryszard and Lin, Jian and Chhetri, Mohan B and Goh, Suk Keong and Zhang, Jianying},
  journal={Future Generation Computer Systems},
  volume={23},
  number={6},
  pages={748--759},
  year={2007},
  publisher={Elsevier}
}

@article{pinyol2013computational,
  title={Computational trust and reputation models for open multi-agent systems: a review},
  author={Pinyol, Isaac and Sabater-Mir, Jordi},
  journal={Artificial Intelligence Review},
  volume={40},
  number={1},
  pages={1--25},
  year={2013},
  publisher={Springer}
}

@article{balke2009using,
  title={USING INSTITUTIONS TO BRIDGE THE TRUST-GAP IN UTILITY COMPUTING MARKETS--AN EXTENDED “TRUST-GAME”},
  author={Balke, Tina and Eymann, Torsten},
  year={2009}
}

@inproceedings{sabater2001regret,
  title={REGRET: reputation in gregarious societies},
  author={Sabater, Jordi and Sierra, Carles},
  booktitle={Proceedings of the fifth international conference on Autonomous agents},
  pages={194--195},
  year={2001},
  organization={ACM}
}

@inproceedings{josang2009challenges,
  title={Challenges for robust trust and reputation systems},
  author={J{\o}sang, Audun and Golbeck, Jennifer},
  booktitle={Proceedings of the 5th International Workshop on Security and Trust Management (SMT 2009), Saint Malo, France},
  year={2009}
}

@article{sugumaran2002ontologies,
  title={Ontologies for conceptual modeling: their creation, use, and management},
  author={Sugumaran, Vijayan and Storey, Veda C},
  journal={Data \& knowledge engineering},
  volume={42},
  number={3},
  pages={251--271},
  year={2002},
  publisher={Elsevier}
}

@misc{noy2001ontology,
  title={Ontology development 101: A guide to creating your first ontology},
  author={Noy, Natalya F and McGuinness, Deborah L and others},
  year={2001},
  publisher={Stanford knowledge systems laboratory technical report KSL-01-05 and Stanford medical informatics technical report SMI-2001-0880, Stanford, CA}
}

@article{srisuresh1999ip,
  title={IP network address translator (NAT) terminology and considerations},
  author={Srisuresh, Pyda and Holdrege, Matt},
  year={1999}
}

@techreport{rosenberg2005traversal,
  title={Traversal using relay NAT (TURN)},
  author={Rosenberg, Jonathan and Mahy, Rohan and Huitema, Christian},
  year={2005},
  institution={October 2003. Internet-Draft (Work in Progress)}
}

@article{holdrege2001rfc,
  title={RFC 3027},
  author={Holdrege, Matt and Srisuresh, Pyda},
  journal={Protocol Complications with the IP Network Address Translator},
  year={2001},
  publisher={January}
}

@article{boucadair2013universal,
  title={Universal plug and play (UPnP) internet gateway device-port control protocol interworking function (IGD-PCP IWF)},
  author={Boucadair, Mohamed and Penno, Reinaldo and Wing, Dan},
  year={2013}
}

@article{wing2010traversal,
  title={Traversal Using Relays around NAT (TURN): Relay Extensions to Session Traversal Utilities for NAT (STUN)},
  author={Wing, Dan and Matthews, Philip and Rosenberg, Jonathan and Mahy, Rohan},
  year={2010}
}

@inproceedings{ross2000pvfs,
  title={PVFS: A parallel file system for Linux clusters},
  author={Ross, Robert B and Thakur, Rajeev and others},
  booktitle={Proceedings of the 4th annual Linux showcase and conference},
  pages={391--430},
  year={2000}
}

@inproceedings{weil2006ceph,
  title={Ceph: A scalable, high-performance distributed file system},
  author={Weil, Sage A and Brandt, Scott A and Miller, Ethan L and Long, Darrell DE and Maltzahn, Carlos},
  booktitle={Proceedings of the 7th symposium on Operating systems design and implementation},
  pages={307--320},
  year={2006},
  organization={USENIX Association}
}

@misc{hericourt2001method,
  title={Method and system for using with confidence certificates issued from certificate authorities},
  author={Hericourt, Olivier and Le Pennec, Jean-Francois},
  year={2001},
  month=nov # "~13",
  publisher={Google Patents},
  note={US Patent App. 10/007,750}
}

@article{neuman1994kerberos,
  title={Kerberos: An authentication service for computer networks},
  author={Neuman, B Clifford and Ts'o, Theodore},
  journal={IEEE Communications magazine},
  volume={32},
  number={9},
  pages={33--38},
  year={1994},
  publisher={IEEE}
}

@misc{mayo2008security,
  title={Security session authentication system and method},
  author={Mayo, Mary Ann and Neemann, Trey and Pearson, Harry and Sekhar, Chandra C and Toraason, Dan},
  year={2008},
  month=apr # "~8",
  publisher={Google Patents},
  note={US Patent 7,356,694}
}


@article{dierks2008transport,
  title={The transport layer security (TLS) protocol version 1.2},
  author={Dierks, Tim},
  year={2008}
}

@article{thakur2011aes,
  title={DES, AES and Blowfish: Symmetric key cryptography algorithms simulation based performance analysis},
  author={Thakur, Jawahar and Kumar, Nagesh},
  journal={International journal of emerging technology and advanced engineering},
  volume={1},
  number={2},
  pages={6--12},
  year={2011}
}

@inproceedings{rizvi2011performance,
  title={Performance analysis of AES and TwoFish encryption schemes},
  author={Rizvi, SAM and Hussain, Syed Zeeshan and Wadhwa, Neeta},
  booktitle={Communication Systems and Network Technologies (CSNT), 2011 International Conference on},
  pages={76--79},
  year={2011},
  organization={IEEE}
}

@article{mushtaque2014evaluation,
  title={Evaluation of DES, TDES, AES, blowfish and two fish encryption algorithm: based on space complexity},
  author={Mushtaque, Md Asif and Dhiman, Harsh and Hussain, Shahnawaz and Maheshwari, Shivangi},
  journal={International Journal of Engineering Research \& Technology (IJERT)},
  volume={3},
  number={4},
  year={2014}
}

@article{dropbox2015popularity,
  title={Dropbox 400M Users},
  author={Lynley, Matthew},
  journal={URL https://techcrunch.com/2015/06/24/dropbox-hits-400-million-registered-users/},
  year={2015}
}

@article{blank2010mfs,
  title={Minimum Feature Set},
  author={Blank, Steve},
  journal={URL https://steveblank.com/2010/03/04/perfection-by-subtraction-the-minimum-feature-set/},
  year={2010}
}


@article{batters2010dbsecurity,
  title={Dropbox Security Comment},
  author={Batters, Mike},
  journal={URL https://www.legaltechnology.com/latest-news/security-comment-why-are-people-still-using-dropbox-for-business/},
  year={2016}
}

@article{ilieva2002online,
  title={Online surveys in marketing research: Pros and cons},
  author={Ilieva, Janet and Baron, Steve and Healey, Nigel M},
  journal={International Journal of Market Research},
  volume={44},
  number={3},
  pages={361},
  year={2002},
  publisher={Market Research Society}
}

@article{arch2017syncandbackup,
  title={Synchronization and backup programs},
  author={archlinux.org, wiki},
  journal={URL https://wiki.archlinux.org/index.php?title=Synchronization\_and\_backup\_programs\&oldid=473791},
  year={2017},
  note="[Accessed April 12th, 2017]"
}

@article{malan2001functional,
  title={Functional requirements and use cases},
  author={Malan, Ruth and Bredemeyer, Dana},
  journal={Bredemeyer Consulting},
  year={2001}
}

@article{cockburn1997structuring,
  title={Structuring use cases with goals},
  author={Cockburn, Alistair},
  journal={Journal of object-oriented programming},
  volume={10},
  number={5},
  pages={56--62},
  year={1997}
}




